@misc{Aufgabenstellung,
    author = {H. Weibel},
    title = {{BA15\char`_wlan\char`_1: Projektarbeit im Fachgebiet Kommunikation}},
    howpublished = {Aufgabenstellung},
    month=feb,
    year={2015},
    institution={{Institute of Embedded Systems, ZHAW School of Engineering}},
}

@misc{Draft_Standart,
    author = {LAN/MAN Standards Committee of the IEEE Computer Society},
    title = {IEEE P802.3br/D1.0 Draft Standard for Ethernet Amendment: Specification and Management Parameters for Interspersing Express Traffic},
    month = dec,
    year = {2014},
    institution = {{Institute of Electrical and Electronics Engineers}}
}

@ONLINE{PRPHSR_Red_Ind_Eth,
   author = "{NetModule AG}",
   title = {Applying PRP and HSR Protocol for Redundant Industrial Ethernet {@\url{http://www.netmodule.com/en/technologies/interfaces_networks/IEC62439}}},
   month = sep,
   year = {2014},
   url = {\url{http://www.netmodule.com/en/technologies/interfaces_networks/IEC62439}},
   timestamp = {2014.09.30}
}

@ONLINE{PPT_Ethernet_Redundancy_with_zero_switchover_time,
   author = "{H. Weibel, F. Reichert}",
   title = {Ethernet Redundancy with zero Switchover Time {@\url{www.swisstmeeting.ch/tl_files/images/Communication%20Conference/Unterbrechungsfreie_Redundanz_slides_ZHAW_Reichert.pdf}}},"
   month = feb,
   year = {2015},
   url = {\url{www.swisstmeeting.ch/tl_files/images/Communication%20Conference/Unterbrechungsfreie_Redundanz_slides_ZHAW_Reichert.pdf}},
   timestamp = {2015.02.18}
   institution={{Institute of Embedded Systems, ZHAW School of Engineering}},
}

@ONLINE{Tutorial_on_Parallel_Redundancy_Protocol_(PRP),
   author = "{H. Weibel}",
   title = {Ethernet Redundancy with zero Switchover Time {@\url{http://engineering.zhaw.ch/fileadmin/user_upload/engineering/_Institute_und_Zentren/INES/PRP/PRP_Tutorial.pdf}}},"
   month = feb,
   year = {2015},
   url = {\url{http://engineering.zhaw.ch/fileadmin/user_upload/engineering/_Institute_und_Zentren/INES/PRP/PRP_Tutorial.pdf}},
   timestamp = {2015.02.18}
   institution={{Institute of Embedded Systems, ZHAW School of Engineering}},
}

@ONLINE{PRP-Wireshark_Wiki,
   author = "{M. Rendold et al.}",
   title = {Parallel Redundancy Protocol (PRP) {@\url{http://wiki.wireshark.org/PRP}}},"
   month = jan,
   year = {2013},
   url = {\url{http://wiki.wireshark.org/PRP}},
   timestamp = {2013.01.29}
}

@ONLINE{PRP-Hirschmann,
   author = "{Hirschmann GmbH}",
   title = {PRP - Parallel Redundancy Protocol {@\url{http://www.hirschmann.com/en/Hirschmann_Produkte/Industrial_Ethernet/Technologies/PRP_-_Parallel_Redundancy_Protocol/index.phtml}}},"
   month = feb,
   year = {2015},
   url = {\url{http://www.hirschmann.com/en/Hirschmann_Produkte/Industrial_Ethernet/Technologies/PRP_-_Parallel_Redundancy_Protocol/index.phtml}},
   timestamp = {2015.02.18}
}

@ONLINE{PRP-1_IP_Core,
   author = "{Institute of Embedded Systems}",
   title = {PRP-1 IP Core {@\url{http://www.zhaw.ch/de/engineering/institute-zentren/ines/produkte-und-dienstleistungen/high-availability/prp-1-ip-core.html}}},"
   month = feb,
   year = {2015},
   url = {\url{http://www.zhaw.ch/de/engineering/institute-zentren/ines/produkte-und-dienstleistungen/high-availability/prp-1-ip-core.html}},
   timestamp = {2015.02.18}
}

@ONLINE{PRP_InES_ZHAW,
   author = "{Institute of Embedded Systems}",
   title = {PRP {@\url{http://ines.zhaw.ch/de/engineering/institute-zentren/ines/forschung-und-entwicklung/praezise-zeitsynchronisation-und-hochverfuegbare-netze/technologien/prp-technologie.html}}},"
   month = feb,
   year = {2015},
   url = {\url{http://ines.zhaw.ch/de/engineering/institute-zentren/ines/forschung-und-entwicklung/praezise-zeitsynchronisation-und-hochverfuegbare-netze/technologien/prp-technologie.html}},
   timestamp = {2015.02.18}
}

@ONLINE{PRP-Industrial_IP,
   author = "{M. Rentschler}",
   title = {The Parallel Redundancy Protocol for Industrial IP Networks {@\url{http://ieeexplore.ieee.org/iel7/6495638/6505636/06505877.pdf}}},"
   month = feb,
   year = {2015},
   url = {\url{http://ieeexplore.ieee.org/iel7/6495638/6505636/06505877.pdf}},
   timestamp = {2015.02.18}
}

@misc{IEC_62439-3_2012,
    author = {Technical Committee 65C - Industrial Networks},
    title = {Industrial communication networks - High availability automation networks - Part 3: Parallel Redundancy Protocol (PRP) and High-availability Seamless Redundancy (HSR)},
    month = jul,
    year = {2012},
    institution = {{International Electrotechnical Commission}}
}

@misc{IEC_62439-3_2010,
    author = {Technical Committee 65C - Industrial Networks},
    title = {Industrial communication networks - High availability automation networks - Part 3: Parallel Redundancy Protocol (PRP) and High-availability Seamless Redundancy (HSR)},
    month = feb,
    year = {2010},
    institution = {{International Electrotechnical Commission}}
}

@ONLINE{Exp_using_PRP_Substation,
   author = "{A. Darby et al.}",
   title = {Experience using PRP Ethernet redundancy for Substation Automation Systems {@\url{http://ieeexplore.ieee.org/xpl/articleDetails.jsp?arnumber=6822815&sortType%3Dasc_p_Sequence%26filter%3DAND%28p_IS_Number%3A6809516%29}}},"
   month = mar,
   year = {2014},
   url = {\url{http://ieeexplore.ieee.org/xpl/articleDetails.jsp?arnumber=6822815&sortType%3Dasc_p_Sequence%26filter%3DAND%28p_IS_Number%3A6809516%29}},
   timestamp = {2014.03.31}
}
